@comment{
%%%%%%%%%%%%%%%%%%%
%%%% 日本語文献 %%%%%
%%%%%%%%%%%%%%%%%%%
学位論文執筆時，例として載せている文献は消して構いません．
}

@comment{
%%%%%%%%%%%%%%%%%%%
%%%%% article %%%%%
%%%%%%%%%%%%%%%%%%%
必須項目：author, title, journal, year
オプション項目：volume, number, pages, month, note, key, doi, url
}

@article{塚原:ながれ2015,
    author      = {塚原, 隆裕 and 石田, 貴大},
    yomi        = {Tsukahara, Takahiro and Ishida, Takahiro},
    title       = {平面ポアズイユ流の亜臨界遷移域における下臨界レイノルズ数},
    journal     = {ながれ：日本流体力学会誌},
    volume      = {34},
    number      = {6},
    pages       = {383--386},
    year        = {2015},
    url         = {https://www.nagare.or.jp/publication/nagare/archive/2015/6.html}
}

@comment{
%%%%%%%%%%%%%%%%%%%
%%%%%  book   %%%%%
%%%%%%%%%%%%%%%%%%%
必須項目：author/editor, title, publisher, year
オプション項目：volume, number, series, address, edition, month, note, key, doi, url
}

@book{日野:朝倉2020,
    author      = {日野, 幹雄},
    yomi        = {Hino, Mikio},
    title       = {乱流の科学 ---構造と制御---},
    publisher   = {朝倉書店},
    year        = {2020}
}

@comment{
%%%%%%%%%%%%%%%%%%%
%%%%% booklet %%%%%
%%%%%%%%%%%%%%%%%%%
必須項目：title
オプション項目：author, howpublished, address, month, year, note, key, doi, url
}

@booklet{川口:MEニュースレター2021,
    author          = {川口, 靖夫},
    yomi            = {Kawaguchi, Yasuo},
    title           = {どんな夢を見に行こうか　正しさばかりに恐れ戦かないで},
    howpublished    = {東京理科大学理工学部機械工学科 MEニュースレター},
    year            = {2021},
    url             = {https://www.rs.tus.ac.jp/me/pdf/newsletter/ME_NL_No22.pdf}
}

@comment{
%%%%%%%%%%%%%%%%%%%
%%% conference %%%%
%%%%%%%%%%%%%%%%%%%
必須項目：author, title, booktitle, year
オプション項目：editor, pages, organization, publisher, address, month, note, key, doi, url
}

@conference{堀本:可視化情報2020,
    author      = {堀本, 康文 and 川口, 靖夫 and 塚原, 隆裕},
    yomi        = {Horimoto, Yasufumi and Kawaguchi, Yasuo and Tsukahara, Takahiro},
    title       = {偏心二重円筒間流れにおける乱流間欠構造の可視化},
    booktitle   = {第48回可視化情報シンポジウム},
    year        = {2020},
    note        = {004}
}

@comment{
%%%%%%%%%%%%%%%%%%%
%%%%% inbook %%%%%%
%%%%%%%%%%%%%%%%%%%
必須項目：author/editor, title, chapter/ pages, publisher, year
オプション項目：volume, series, address, edition, month, note, key, doi, url
}

@inbook{笠木:朝倉2009,
    editor      = {笠木, 伸英 and 河村, 洋 and 長野, 靖尚 and 宮内, 敏雄},
    yomi        = {Kasagi, Nobuhide and Kawamura, Hiroshi and Nagano, Yasutaka and Miyauchi, Toshio},
    title       = {乱流工学ハンドブック},
    publisher   = {朝倉書店},
    pages       = {165--242},
    year        = {2009}
}

@comment{
%%%%%%%%%%%%%%%%%%%
%% incollection %%%
%%%%%%%%%%%%%%%%%%%
必須項目：author, title, booktitle, year
オプション項目：editor, pages, organization, publisher, address, month, note, key, doi, url
}

@incollection{後藤:RIMS2005,
    author      = {後藤, 晋 and 木田, 重雄},
    yomi        = {Goto, Susumu and Kida, Shigeo},
    title       = {流体線や面の伸長率のレイノルズ数依存性},
    booktitle   = {数理解析研究所講究録1434 乱流現象と力学系的縮約},
    publisher   = {京都大学数理解析研究所},
    pages       = {35--42},
    year        = {2005},
    url         = {https://repository.kulib.kyoto-u.ac.jp/dspace/handle/2433/47122}
}

@comment{
%%%%%%%%%%%%%%%%%%%
%% inproceedings %%
%%%%%%%%%%%%%%%%%%%
必須項目：author, title, booktitle, year
オプション項目：editor, pages, organization, publisher, address, month, note, key, doi, url
}

@inproceedings{松川:流力年会2022,
    author      = {松川, 裕樹 and 塚原, 隆裕},
    yomi        = {Matsukawa, Yuki and Tsukahara, Takahiro},
    title       = {Taylor--Couette--Poiseuille流における変調波状Taylor渦流から間欠乱流への亜臨界遷移現象},
    booktitle   = {日本流体力学会年会2022講演論文集},
    year        = {2022}
}

@comment{
%%%%%%%%%%%%%%%%%%%
%%%%% manual %%%%%%
%%%%%%%%%%%%%%%%%%%
必須項目：title
オプション項目：author, organization, address, edition, month, year, note, key, doi, url
}

@manual{NECASL2023,
    author  = {日本電気株式会社},
    yomi    = {Nippondenkikabushikigaisha},
    title   = {科学技術計算ライブラリASLユーザーズガイド＜基本機能編 第4分冊＞},
    year    = {2023},
    url     = {https://sxauroratsubasa.sakura.ne.jp/documents/sdk/SDK_NLC/UsersGuide/asl/f/ja/asl4.html}
}

@comment{
%%%%%%%%%%%%%%%%%%%
%% mastersthesis %%
%%%%%%%%%%%%%%%%%%%
必須項目：author, title, school, year
オプション項目：address, month, note, key, doi, url
}

@mastersthesis{松川:修論2023,
    author  = {松川, 裕樹},
    yomi    = {Matsukawa, Yuki},
    title   = {直接数値解析を用いた高円筒比Taylor--Couette--Poiseuille流の流動状態遷移過程の分類},
    school  = {東京理科大学大学院理工学研究科機械工学専攻},
    year    = {2023}
}

@comment{
%%%%%%%%%%%%%%%%%%%
%%%%%% misc %%%%%%%
%%%%%%%%%%%%%%%%%%%
必須項目：無し
オプション項目：author, title, howpublished, archivePrefix, eprint, month, year, note, key, doi, url
}

@misc{湯村:卒論2006,
    author          = {湯村, 翼},
    yomi            = {Yumura, Tsubasa},
    title           = {レイリーテイラー不安定による赤道電離圏プラズマバブルの発生},
    howpublished    = {北海道大学理学部地球科学科卒業論文},
    year            = {2006},
    url             = {https://researchmap.jp/yumu/published_papers/1902404}
}

@comment{
%%%%%%%%%%%%%%%%%%%
%%%%% online %%%%%%
%%%%%%%%%%%%%%%%%%%
使用可能項目：author, title, howpublished, month, year, url, doi, access, note
}

@online{立川_博論執筆,
    author  = {立川, 裕二},
    yomi    = {Tachikawa, Yuji},
    title   = {博士論文執筆の際にお願いしたいこと},
    year    = {},
    url     = {https://member.ipmu.jp/yuji.tachikawa/misc/dron.html},
    access  = {2023年10月10日}
}

@comment{
%%%%%%%%%%%%%%%%%%%
%%%% phdthesis %%%%
%%%%%%%%%%%%%%%%%%%
必須項目：author, title, school, year
オプション項目：address, month, note, key, doi, url
}

@phdthesis{塚原:博論2007,
    author  = {塚原, 隆裕},
    yomi    = {Tsukahara, Takahiro},
    title   = {大規模直接数値シミュレーションによる低レイノルズ数平行平板間乱流の研究},
    school  = {東京理科大学大学院理工学研究科機械工学専攻},
    year    = {2007},
    url     = {https://iss.ndl.go.jp/books/R100000002-I000009177724-00}
}

@comment{
%%%%%%%%%%%%%%%%%%%
%%% proceedings %%%
%%%%%%%%%%%%%%%%%%%
必須項目：title, year
オプション項目：editor, organization, publisher, address, month, note, key, doi, url
}

@proceedings{流力年会2023,
    editor  = {日本流体力学会},
    title   = {日本流体力学会年会2023講演論文集},
    yomi    = {Nihonryuutairikigakkainenkai2023},
    year    = {2023}
}

@comment{
%%%%%%%%%%%%%%%%%%%
%%% techreport %%%%
%%%%%%%%%%%%%%%%%%%
必須項目：author, title, institution, year
オプション項目：type, number, address, month, note, key, doi, url
}

@techreport{松川:東北大SENAC2022,
    author      = {松川, 裕樹 and 塚原, 隆裕},
    yomi        = {Matsukawa, Yuki and Tsukahara, Takahiro},
    title       = {直接数値解析を用いた複合剪断流における亜臨界遷移現象の研究 ---直交した流れが局在乱流パターンに与える非線形相互作用---},
    institution = {東北大学サイバーサイエンスセンター大規模科学計算システム広報SENAC},
    volume      = {55},
    number      = {4},
    year        = {2022},
    url         = {https://www.ss.cc.tohoku.ac.jp/sscc/refer/senac.html#2022_10}
}

@comment{
%%%%%%%%%%%%%%%%%%%
%%% unpublished %%%
%%%%%%%%%%%%%%%%%%%
必須項目：author, title, note
オプション項目：month, year, key, doi, url
}

@unpublished{竹広:1990,
    author  = {竹広, 真一},
    yomi    = {Takehiro, Shinnichi},
    title   = {Rayleigh--Fj\o rtftの定理},
    pages   = {1--7},
    year    = {1990},
    url     = {http://dennou-h.gfd-dennou.org/arch/lecture/NAO_GFD/notes/ShearInstability/int-th/rylthrmm.pdf}
}

