@comment{
%%%%%%%%%%%%%%%%%%%
%%%%% 英語文献 %%%%%
%%%%%%%%%%%%%%%%%%%
学位論文執筆時，例として載せている文献は消して構いません．
}

@comment{
%%%%%%%%%%%%%%%%%%%
%%%%% article %%%%%
%%%%%%%%%%%%%%%%%%%
必須項目：author, title, journal, year
オプション項目：volume, number, pages, month, note, key, doi, url
}

@article{Matsukawa:PoF2022,
    author  = {Matsukawa, Yuki and Tsukahara, Takahiro},
    title   = {Subcritical transition of {Taylor--Couette--Poiseuille} flow at high radius ratio},
    journal = {Physics of Fluids},
    volume  = {34},
    number  = {7},
    year    = {2022},
    doi     = {10.1063/5.0096676},
    url     = {https://doi.org/10.1063/5.0096676},
    note    = {074109}
}

@comment{
%%%%%%%%%%%%%%%%%%%
%%%%%  book   %%%%%
%%%%%%%%%%%%%%%%%%%
必須項目：author/editor, title, publisher, year
オプション項目：volume, number, series, address, edition, month, note, key, doi, url
}

@book{Schmid:Springer2001,
    author      = {Peter J. Schmid and Dan S. Henningson},
    title       = {Stability and Transition in Shear Flows},
    publisher   = {Springer New York},
    year        = {2001},
    doi         = {10.1007/978-1-4613-0185-1}
}

@comment{
%%%%%%%%%%%%%%%%%%%
%%%%% booklet %%%%%
%%%%%%%%%%%%%%%%%%%
必須項目：title
オプション項目：author, howpublished, address, month, year, note, key, doi, url
}

@booklet{Wang:MEnews2014,
    author          = {Wang, Lin},
    title           = {Exchange student from {Northwestern Polytechnical University (China)}},
    howpublished    = {ME Newsletter, Department of Mechanical Engineering, Tokyo University of Science},
    year            = {2014},
    url             = {https://www.rs.tus.ac.jp/me/pdf/newsletter/ME_NL_No15.pdf}
}

@comment{
%%%%%%%%%%%%%%%%%%%
%%% conference %%%%
%%%%%%%%%%%%%%%%%%%
必須項目：author, title, booktitle, year
オプション項目：editor, pages, organization, publisher, address, month, note, key, doi, url
}

@inproceedings{Kato:JSFM2022,
    author      = {Kato, Kentaro and Alfredsson, P. Henrik and Schlatter, Philipp and Lingwood, Rebecca J.},
    title       = {The influence of axial flow and eccentricity on the instability of {Taylor--Couette} flow},
    booktitle   = {Proceedings of Japan Society of Fluid Mechanics Annual Meeting},
    year        = {2022},
    note        = {294}
}

@comment{
%%%%%%%%%%%%%%%%%%%
%%%%% inbook %%%%%%
%%%%%%%%%%%%%%%%%%%
必須項目：author/editor, title, chapter/ pages, publisher, year
オプション項目：volume, series, address, edition, month, note, key, doi, url
}

@inbook{Alligood:Springer1996,
    author      = {Kathleen T. Alligood and Tim D. Sauer and James A. Yorke},
    title       = {Chaos: An Introduction to Dynamical Systems},
    publisher   = {Springer-Verlag New York},
    pages       = {105--147},
    year        = {1996},
    doi         = {10.1007/b97589}
}

@comment{
%%%%%%%%%%%%%%%%%%%
%% incollection %%%
%%%%%%%%%%%%%%%%%%%
必須項目：author, title, booktitle, year
オプション項目：editor, pages, organization, publisher, address, month, note, key, doi, url
}

@incollection{Ohkitani:RIMS2005,
    author      = {Ohkitani, Koji and Constantin, Peter},
    title       = {{Eulerian--Lagrangian} analysis of MHD equations},
    booktitle   = {RIMS K\^{o}ky\^{u}roku},
    publisher   = {Research Institute for Mathematical Sciences, Kyoto University},
    pages       = {116--129},
    year        = {2005},
    url         = {https://repository.kulib.kyoto-u.ac.jp/dspace/handle/2433/47122}
}

@comment{
%%%%%%%%%%%%%%%%%%%
%% inproceedings %%
%%%%%%%%%%%%%%%%%%%
必須項目：author, title, booktitle, year
オプション項目：editor, pages, organization, publisher, address, month, note, key, doi, url
}

@inproceedings{Tsukahara:TSFP2005,
    author      = {Tsukahara, Takahiro and Seki, Yohji and Kawamura, Hiroshi and Tochio, Daisuke},
    title       = {{DNS} of turbulent channel flow at very low {Reynolds} numbers},
    booktitle   = {Proceedings of 4th International Symposium on Turbulence and Shear Flow Phenomena},
    pages       = {935--940},
    year        = {2005},
    doi         = {10.1615/TSFP4.1550}
}

@comment{
%%%%%%%%%%%%%%%%%%%
%%%%% manual %%%%%%
%%%%%%%%%%%%%%%%%%%
必須項目：title
オプション項目：author, organization, address, edition, month, year, note, key, doi, url
}

@manual{Tecplot2023,
    author  = "{Tecplot, Inc.}",
    title   = {Tecplot 360 Getting Started Manual},
    year    = {2023},
    url     = {https://tecplot.azureedge.net/products/360/current/360_getting_started.pdf}
}

@comment{
%%%%%%%%%%%%%%%%%%%
%% mastersthesis %%
%%%%%%%%%%%%%%%%%%%
必須項目：author, title, school, year
オプション項目：address, month, note, key, doi, url
}

@mastersthesis{Ng:Master2013,
    author  = {Chong Shen Ng},
    title   = {Direct Numerical Simulation of Turbulent Natural Convection bounded by Differentially Heated Vertical Walls},
    school  = {The University of Melbourne},
    year    = {2013},
    url     = {https://minerva-access.unimelb.edu.au/items/9cabf5df-8c4f-5cd0-9cef-83b0309e7623}
}

@comment{
%%%%%%%%%%%%%%%%%%%
%%%%%% misc %%%%%%%
%%%%%%%%%%%%%%%%%%%
必須項目：無し
オプション項目：author, title, howpublished, archivePrefix, eprint, month, year, note, key, doi, url
}

@misc{Araki:arXiv2023,
    author          = {Araki, Ryo and Bos, Wouter J. T. and Goto, Susumu},
    title           = {Space-local {Navier--Stokes} turbulence}, 
    year            = {2023},
    eprint          = {2308.07255},
    archivePrefix   = {arXiv},
    primaryClass    = {physics.flu-dyn}
}

@comment{
%%%%%%%%%%%%%%%%%%%
%%%%% online %%%%%%
%%%%%%%%%%%%%%%%%%%
使用可能項目：author, title, howpublished, month, year, url, doi, access, note
}

@online{Kawamura_Ret64,
    author  = "{Kawamura Laboratory}",
    title   = {{DNS} Database of Wall Turbulence and Heat Transfer: Text database of {Poiseuille} flow for $\mathit{Re}_\tau = 64$},
    year    = {},
    url     = {https://www.rs.tus.ac.jp/~t2lab/db/index.html},
    access  = {10 October, 2023}
}

@comment{
%%%%%%%%%%%%%%%%%%%
%%%% phdthesis %%%%
%%%%%%%%%%%%%%%%%%%
必須項目：author, title, school, year
オプション項目：address, month, note, key, doi, url
}

@phdthesis{Ishida:PhD2017,
    author      = {Ishida, Takahiro},
    title       = {Study on universality of laminar-turbulent patterning to annular geometry of {Poiseuille} flows and on robustness of the patterning to roughness and rotation in plane channel flows},
    school      = {Tokyo University of Science},
    year        = {2017},
    url         = {https://tus.repo.nii.ac.jp/records/306}
}

@comment{
%%%%%%%%%%%%%%%%%%%
%%% proceedings %%%
%%%%%%%%%%%%%%%%%%%
必須項目：title, year
オプション項目：editor, organization, publisher, address, month, note, key, doi, url
}

@proceedings{THMT2023,
    editor  = {THMT},
    title   = "{Proceedings of 10th International Symposium on Turbulence, Heat and Mass Transfer}",
    yomi    = {Proceedings},
    year    = {2023}
}

@comment{
%%%%%%%%%%%%%%%%%%%
%%% techreport %%%%
%%%%%%%%%%%%%%%%%%%
必須項目：author, title, institution, year
オプション項目：type, number, address, month, note, key, doi, url
}

@techreport{Neuhart:NASAreport2004,
    author      = {Neuhart, Dan H. and McGinley, Catherine B.},
    title       = {Free-Stream Turbulence Intensity in the {Langley} 14- by 22-Foot Subsonic Tunnel},
    institution = {NASA Technical Publication},
    year        = {2004},
    url         = {https://ntrs.nasa.gov/citations/20040120956},
    note        = {TP-2004-213247}
}

@comment{
%%%%%%%%%%%%%%%%%%%
%%% unpublished %%%
%%%%%%%%%%%%%%%%%%%
必須項目：author, title, note
オプション項目：month, year, key, doi, url
}

@unpublished{Dunkel:MITOCW2015,
    author  = {Dunkel, J\:{o}rn},
    title   = {Nonlinear Dynamics {II}: Continuum Systems, Linear Stability Analysis and Pattern Formation, {MIT Open Course Ware}},
    year    = {2015},
    url     = {https://ocw.mit.edu/courses/18-354j-nonlinear-dynamics-ii-continuum-systems-spring-2015/resources/mit18_354js15_ch7/}
}
